%%%% Guide til bibtex og litteratur.bib %%%%

% Alle kilder angives efter Harvard-metoden og vil i rapporten fremstaa med [FORFATTER, AAR] eller mere praecist [EFTERNAVN, AAR].

% Nederst findes eksempler paa kildeangivelser af typerne book, article, manual techreport og misc.
  % - Book bruges ved helt almindelige boeger
  % - Article bruges ved artikler og udgivelser
  % - Manual bruges ved henvisninger fra internettet, idet \url-funktionen findes her
  % - Techreport kan bruges ved mindre udgivelser, hvor kun titel, forfatter og aar er noedvendig eller tilgaengelig
  % - Misc kan bruges ved det, der falder udenfor de andre kategorier - interview, forelaesninger, foredrag osv.

% Hvis der er flere forfattere paa en kilde, SKAL de listes med 'and' imellem dem - ogsaa ved 3 og derover (f.eks. FORFATTER 1 and FORFATTER 2 and FORFATTER 3). Naar kildelisten bygges i rapporten, vil der ved 2 forfattere komme til at staa [EFTERNAVN 1 og EFTERNAVN 2, AAR] og ved 3 forfattere og derover komme til at staa [EFTERNAVN 1 et. al, AAR].

% Ved almindelige forfatternavne skal der vaere et saet tuborg-parenteser ved Author (f.eks. author = {H. C. Andersen}). Ved andre navne (f.eks. virksomheder, hjemmesider, grupper, raad, naevn osv.) skal der vaere 2 saet tuborg-parenteser ved Author (f.eks. author = {{Dansk Standard}}). Begrundelse: Med 2 saet tuborg-parenteser skrives hele parentesen ud som forfatter, [Dansk Standard, AAR]. Alternativt ville der i eksemplet bare komme til at staa [Standard, AAR].


@article{MaintenanceScheduling,
  author  = {Noemi M. Paz and William Leigh}, 
  title   = {Maintenance Scheduling: Issues, Results and Research Needs},
  journal = {International Journal of Operations \& Production Management},
  year    = 1994,
  pages   = {1}
}


@article{ReactiveMaintenance1,
  author  = {S Safi and S mozar}, 
  title   = {From Reactive Maintenance To Proactive Preventive Maintenance System},
  year    = 2004,
  pages   = {1}
}

@misc{ReactiveMaintenance2,
  author          = {{Wall Street Journal Custom Content}},
  title           = {Unlocking performance},
  howpublished    = {\url{https://partners.wsj.com/emerson/unlocking-performance/how-manufacturers-can-achieve-top-quartile-performance/}},
  note            = {[Online; Accessed: 05-10-2019]}
}

@book{FEMP,
	author = {Federal Energy Management Program},
	title = {Operations \& Maintenance Best Practices},
	publisher = {U.S. Department of Energy},
	year = {2010},
	edition = {3},
	pages = {50-51},
	note = {\url{https://www.energy.gov/sites/prod/files/2013/10/f3/omguide_complete.pdf}}
}

@misc{MaintenanceHours,
  author          = {{LimbleCMMS}},
  title           = {CMMS \& Maintenance Statistics You Should Know Going Into 2018},
  howpublished    = {\url{https://limblecmms.com/blog/cmms-maintenance-statistics-for-2018/}},
  note            = {[Online; Accessed: 05-10-2019]}
}

@article{MaintenanceBudget,
  author  = {Daryl Mather}, 
  title   = {The Future of CMMS},
  year    = 2002,
  pages   = {1},
  note    = {\url{https://www.plant-maintenance.com/articles/future_CMMS.shtml}}
}

@misc{ReliablePlantMaintenance,
  author          = {Reliable Plant},
  title           = {Predictive Maintenance Explained},
  howpublished    = {\url{https://www.reliableplant.com/Read/12495/preventive-predictive-maintenance}},
  note            = {[Online; Accessed: 10-10-2019]}
}

@misc{ConditionBasedMaintenance,
  author          = {Neurospace ApS},
  title           = {Condition-Based Maintenance vs Predictive Maintenance},
  howpublished    = {\url{https://neurospace.io/blog/2019/08/condition-based-maintenance-vs-predictive-maintenance/}},
  date			  = {2019},
  note            = {[Online; Accessed: 10-10-2019]},
}

@article{2019MaintenanceStudy,
  author  = {Plant Engineering}, 
  title   = {Facilities Maintenance},
  year    = 2019,
  note    = {\url{https://www.plantengineering.com/wp-content/uploads/sites/4/2019/02/Plant-Engineering-2019-Maintenance-Report.pdf}}  
}

@misc{SwiftSensors,
	url = {https://www.swiftsensors.com/},
	year = {2019},
	title = {swiftsensors.com}
}

@misc{SwiftSensorsProducts,
	url = {https://www.swiftsensors.com/products/},
	year = {2019},
	title = {Swift Sensors products page}
}

@misc{SwiftSensorsBridges,
	url = {https://www.swiftsensors.com/product-category/bridges/},
	year = {2019},
	title = {Swift Sensors Bridges product page}
}

@misc{SwiftSensorsSolutions,
	url = {https://www.swiftsensors.com/solutions/},
	year = {2019},
	title = {Swift Sensors Solutions}
}

@misc{SwiftSensorsBattery,
	url = {https://www.swiftsensors.com/faq-items/what-is-the-average-lifespan-of-the-batteries-installed-in-the-sensors/},
	year = {2019},
	title = {Swift Sensors battery lifespan}
}

@misc{SwiftSensorsBatteryReplace,
	url = {https://www.swiftsensors.com/faq-items/how-do-i-replace-the-battery-on-my-sensor/},
	year = {2019},
	title = {Swift Sensors battery replacement}
}

@misc{SwiftSensors3VBattery,
	url = {https://www.swiftsensors.com/catalog/bridges/ss-brg-1010poe/},
	year = {2019},
	title = {Swift Sensors battery replacement}
}


@misc{ABBGroupPresentation,
	url = {https://www.theaemt.com/content/2643/Live/download/PRESENTATION%20-%20ABB%20-%20AEMT%20Scottish%20Meeting%20presentation%202018-05.pdf},
	year = {2019},
	title = {ABB Group sensor presentation}
}

@misc{ABBGroupSensorsInstallGuide,
	url = {https://new.abb.com/motors-generators/service/advanced-services/smart-sensor/smart-sensor-for-motors},
	year = {2019},
	title = {ABB Group sensors installation guide}
}

@misc{AbbGroupPrices,
	url = {https://automationdistribution.com/abb-ability-smart-sensors/?sort=alphaasc&limit=12&mode=4},
	year = {2019},
	title = {ABB Group sensor prices}
}

@misc{AbbGroup,
	url = {https://new.abb.com/},
	year = {2019},
	title = {ABB Group}
}

@misc{AbbGroupVideo,
	url = {https://www.youtube.com/watch?v=TgBZlyX_hLw},
	year = {2019},
	title = {ABB Group Video}
}

@misc{ABBGroupSensors,
	url = {https://new.abb.com/motors-generators/service/advanced-services/smart-sensor},
	year = {2019},
	title = {ABB Group Ability Sensors}
}

@misc{JarltechStarSeries,
	url = {https://www.jarltech.com.tw/en/product/Star-series/Star-series.html},
	year = {2019},
	title = {Jarltech International Star Series}
}

@misc{LithiumBatteries,
	url = {https://www.batteribyen.dk/genopladelige-batterier/genopladelige-lithiumbatterier/3-6v-3-7v-genopladelige-lithiumbatterier/18650-genopladelige-lithiumbatterier},
	year = {2019},
	title = {18650 Lithium Batteries}
}

@misc{ESP32,
	url = {https://www.espressif.com/en/products/hardware/esp32/overview},
	year = {2019},
	title = {ESP32 Microcontroller},
	note = {[Online; Accessed: 26-10-2019]}
}

@misc{RaspberryPi3,
	url = {https://www.raspberrypi.org/products/raspberry-pi-3-model-b-plus/},
	year = {2019},
	title = {Raspberry Pi 3 Model B+},
	note = {[Online; Accessed: 26-10-2019]}
}

@misc{Dataflow,
	url = {https://cloud.google.com/dataflow/},
	year = {2019},
	title = {Cloud Dataflow},
	note = {[Online; Accessed: 26-10-2019]}
}

@misc{Datastore,
	url = {https://cloud.google.com/datastore/},
	year = {2019},
	title = {Cloud Datastore},
	note = {[Online; Accessed: 26-10-2019]}
}

@misc{IoT-Core,
	url = {https://cloud.google.com/iot-core/},
	year = {2019},
	title = {Cloud IoT-Core},
	note = {[Online; Accessed: 26-10-2019]}
}

@misc{PubSub,
	url = {https://cloud.google.com/pubsub/},
	year = {2019},
	title = {Cloud Pub/Sub},
	note = {[Online; Accessed: 26-10-2019]}
}

@misc{MQTT,
	url = {http://mqtt.org/},
	year = {2019},
	title = {MQTT},
	note = {[Online; Accessed: 26-10-2019]}
}

@misc{Mosquitto,
	url = {https://mosquitto.org/},
	year = {2019},
	title = {Mosquitto},
	note = {[Online; Accessed: 26-10-2019]}
}

@misc{IoTCoreAttach,
	url = {https://cloud.google.com/iot/docs/how-tos/gateways/mqtt-bridge/},
	year = {2019},
	title = {Using gateways with the MQTT bridge},
	note = {[Online; Accessed: 22-11-2019]}
}

@misc{charger-doctor,
	url = {https://www.adafruit.com/product/1852},
	year = {2019},
	title = {USB Charger Doctor - In-line Voltage and Current Meter},
	note = {[Online; Accessed: 22-11-2019]}
}

@misc{google-stackdriver,
	url = {https://cloud.google.com/stackdriver/},
	year = {2019},
	title = {Stackdriver},
	note = {[Online; Accessed: 23-11-2019]}
}

@misc{starfish-retrospective,
	url = {https://www.thekua.com/rant/2006/03/the-retrospective-starfish/},
	year = {2006},
	title = {The Starfish Retrospective},
	note = {[Online; Accessed: 27-11-2019]}
}

@misc{user-stories,
	url = {https://www.mountaingoatsoftware.com/agile/user-stories},
	year = {2019},
	title = {User stories},
	note = {[Online; Accessed: 01-12-2019]}
}

@misc{scrum-guide,
	url = {https://www.scrumguides.org/scrum-guide.html},
	year = {2018},
	title = {The Scrum Guide},
	note = {[Online; Accessed: 02-12-2019]}
}

@misc{google-drive,
	url = {https://www.google.com/drive/},
	year = {2019},
	title = {Google Drive},
	note = {[Online; Accessed: 03-12-2019]}
}

@misc{github,
	url = {https://github.com/},
	year = {2019},
	title = {Github},
	note = {[Online; Accessed: 03-12-2019]}
}

@misc{latex,
	url = {https://www.latex-project.org/},
	year = {2019},
	title = {LaTeX - A document preparation system},
	note = {[Online; Accessed: 03-12-2019]}
}

@misc{gitflow,
	url = {https://www.atlassian.com/git/tutorials/comparing-workflows/gitflow-workflow},
	year = {2019},
	title = {Gitflow Workflow},
	note = {[Online; Accessed: 03-12-2019]}
}

@misc{azure-pipelines,
	url = {https://azure.microsoft.com/en-us/services/devops/pipelines/},
	year = {2019},
	title = {Azure Pipelines},
	note = {[Online; Accessed: 03-12-2019]}
}

@misc{discord,
	url = {https://discordapp.com/},
	year = {2019},
	title = {Discord},
	note = {[Online; Accessed: 03-12-2019]}
}

@misc{slack,
	url = {https://slack.com/},
	year = {2019},
	title = {Slack},
	note = {[Online; Accessed: 04-12-2019]}
}

@misc{ArduinoCompare,
	url = {https://www.arduino.cc/en/products/compare},
	year = {2019},
	title = {Compare board specs},
	note = {[Online; Accessed: 06-12-2019]}
}

@misc{ESP32ArduinoTech,
	url = {https://arduinotech.dk/shop/esp32-development-board-wifibluetooth-ultra-low-power-consumption-dual-cores-esp-32-esp-32s-board/},
	year = {2019},
	title = {ESP32 Development Board WiFi+Bluetooth Ultra-Low Power Consumption Dual Cores ESP-32 ESP-32S Board},
	note = {[Online; Accessed: 09-12-2019]}
}

@manual{MPUdatasheet,
	title = {MPU-6000 and MPU-6050 Product Specification}, 
	author = {InvenSense~Inc}, 
	address = {1197 Borregas Ave, Sunnyvale, CA94089 U.S.A.}, 
	edition = {Revision: 3.4},
	month = {08},
	year = {2013},
	note = {\url{https://www.invensense.com/wp-content/uploads/2015/02/MPU-6000-Datasheet1.pdf}},
	key = {PS-MPU-6000A-00}
}

@techreport{WPA2,
type = {Standard},
key = {IEEE 802.11-2007},
month = June,
year = {2007},
title = {IEEE Std 802.11™-2007},
address = {3 Park Avenue, New York, NY 10016-5997, USA},
institution = {IEEE Computer Society}
}

@misc{ESP32Wi-Fi,
	url = {https://www.espressif.com/sites/default/files/esp32_wi-fi_certificate.pdf},
	year = {2017},
	title = {Certification ID: WFA69503},
	note = {[Online; Accessed: 12-12-2019]}
}

@misc{RaspberryWi-Fi,
	url = {https://gist.github.com/elec3647/1e223c02ef2a9a3f836db7984011b53b},
	year = {2018},
	title = {How to connect a Raspberry Pi to a WPA2 Enterprise Network},
	note = {[Online; Accessed: 12-12-2019]}
}

@article{scopus2-s2.0-85068007266,
    author    = "Chang, T.-H. and Chen, C.-M. and Hsiao, H.-W. and Lai, G.-H.",
    copyright = "Copyright 2019 Elsevier B.V., All rights reserved.",
    issn      = "10798587",
    journal   = "Intelligent Automation and Soft Computing",
    keywords  = "Gpu ; Parallel-Computing ; Password Cracking ; Rule-Based Attack ; War-Driving ; Wpa; Wpa2",
    number    = "1",
    pages     = "183,192",
    publisher = "TSI Press",
    title     = "Cracking of wpa \& wpa2 using gpus and rule-based method",
    volume    = "25",
    year      = "2019-03-01",
}

@misc{GoogleCloudSecurity,
	url = {https://cloud.google.com/iot/docs/concepts/device-security},
	year = {2019},
	title = {Device security},
	note = {[Online; Accessed: 12-12-2019]}
}

@misc{TLS,
	url = {https://www.ietf.org/rfc/rfc5246.txt},
	year = {2019},
	title = {The Transport Layer Security (TLS) Protocol Version 1.2},
	note = {[Online; Accessed: 12-12-2019]}
}

@misc{JWT,
	url = {https://tools.ietf.org/html/rfc7519},
	year = {2019},
	title = {JSON Web Token (JWT)},
	note = {[Online; Accessed: 12-12-2019]}
}

@misc{StabyFliser,
	url = {https://www.staby-fliser.dk/},
	year = {2019},
	title = {Staby og Fliser \& Hegn A/S},
	note = {[Online; Accessed: 11-12-2019]}
}

@manual{Bootstrap,
	title = {Bootstrap}, 
	author = {Bootstrap team}, 
	year = {2019},
	url = {https://getbootstrap.com/},
	note = {[Online; Accessed: 11-12-2019]}
}

@manual{Plotly,
	title = {Plotly}, 
	author = {Plotly}, 
	year = {2019},
	url = {https://plot.ly/},
	note = {[Online; Accessed: 11-12-2019]}
}

@manual{PHP,
	title = {PHP}, 
	author = {Wikipedia}, 
	year = {2019},
	url = {https://en.wikipedia.org/wiki/PHP},
	note = {[Online; Accessed: 11-12-2019]}
}

@manual{MVC,
	title = {Model-View-Controller}, 
	author = {Wikipedia}, 
	year = {2019},
	url = {https://en.wikipedia.org/wiki/Model%E2%80%93view%E2%80%93controller},
	note = {[Online; Accessed: 11-12-2019]}
}

@misc{CommonSensors,
	url = {https://maker.pro/arduino/tutorial/common-communication-peripherals-on-the-arduino-uart-i2c-and-spi},
	year = {2019},
	title = {Learn the differences between three common communication peripherals found on Arduinos: UART, SPI, and I2C.},
	note = {[Online; Accessed: 12-12-2019]}
}



@manual{MPU-6050,
	title = {3 Axis Gyroscope + Accelerometer 6DOF GY-521}, 
	author = {ArduinoTech}, 
	year = {2019},
	url = {https://arduinotech.dk/shop/3-axis-gyroscopeaccelerometer-6dof-gy-521/},
	note = {[Online; Accessed: 13-12-2019]}
}

@manual{Raspberry-Pi,
	title = {Raspberry Pi 3 model B+}, 
	author = {RaspberryPi}, 
	year = {2019},
	url = {https://raspberrypi.dk/produkt/raspberry-pi-3-model-b-plus/},
	note = {[Online; Accessed: 13-12-2019]}
}

@misc{PiSpeed,
	url = {https://notenoughtech.com/raspberry-pi/raspberry-pi-3b-plus-network-speed/},
	year = {2018},
	title = {Raspberry Pi 3B+ Network Speed},
	note = {[Online; Accessed: 14-12-2019]}
}

@misc{Wi-FiNetwork,
	url = {https://www.lifewire.com/how-many-devices-can-share-a-wifi-network-818298},
	year = {2019},
	title = {How Many Devices Can Connect to One Wireless Router?},
	note = {[Online; Accessed: 14-12-2019]}
}

@misc{GCloudScaling,
	url = {https://cloud.google.com/compute/docs/load-balancing-and-autoscaling},
	year = {2019},
	title = {Load balancing and scaling},
	note = {[Online; Accessed: 14-12-2019]}
}

@misc{MQTTQoS,
	url = {https://www.hivemq.com/blog/mqtt-essentials-part-6-mqtt-quality-of-service-levels/},
	year = {2015},
	title = {Quality of Service 0,1 \& 2 - MQTT Essentials: Part 6},
	note = {[Online; Accessed: 14-12-2019]}
}

@misc{GCloudSLA,
	url = {https://cloud.google.com/iot/sla},
	year = {2018},
	title = {Cloud IoT Core Service Level Agreement (SLA)},
	note = {[Online; Accessed: 14-12-2019]}
}

@misc{Neurospace,
	url = {https://neurospace.io/},
	year = {2019},
	title = {Neurospace ApS.},
	note = {[Online; Accessed: 14-12-2019]}
}

@misc{RasmusSteiniche,
	url = {https://www.linkedin.com/in/steiniche/},
	year = {2019},
	title = {Rasmus Steiniche.},
	note = {[Online; Accessed: 14-12-2019]}
}

@misc{MicheleAlbano,
	url = {https://vbn.aau.dk/da/persons/145372},
	year = {2019},
	title = {Michele Albano.},
	note = {[Online; Accessed: 14-12-2019]}
}

@misc{GCP-Flowchart,
	url = {https://medium.com/google-cloud/a-gcp-flowchart-a-day-2d57cc109401},
	year = {2019},
	title = {A GCP flowchart a day.},
	note = {[Online; Accessed: 13-12-2019]}
}

@misc{Datastore-documentation,
	url = {https://cloud.google.com/datastore/docs/concepts/overview},
	year = {2019},
	title = {Documentation of Google Datastore.},
	note = {[Online; Accessed: 13-12-2019]}
}

@misc{1km,
	url = {https://www.hackster.io/news/long-range-wifi-for-the-esp32-9429ab89f450},
	year = {2017},
	title = {Long-Range WiFi for the ESP32},
	note = {[Online; Accessed: 16-12-2019]}
}

@book{alma9920648465405762,
	address = "Cham",
	booktitle = "Signal Interference in WiFi and ZigBee Networks /",
	edition = "Elektronisk udgave.",
	isbn = "9783319478067",
	keywords = "Engineering",
	language = "eng",
	publisher = "Springer International Publishing",
	series = "Wireless Networks",
	title = "Signal Interference in WiFi and ZigBee Networks / ",
	year = "2017",
}

@misc{MQTT-Github,
	url = {https://github.com/knolleary/pubsubclient/tree/v2.7},
	year = {2019},
	title = {MQTT client for Pub/Sub},
	note = {[Online; Accessed: 16-12-2019]}
}

@misc{DatastoreSLA,
	url = {https://cloud.google.com/datastore/sla},
	year = {2016},
	title = {Cloud Firestore in Datastore mode Service Level Agreement (SLA)},
	note = {[Online; Accessed: 17-12-2019]}
}
@misc{Mpu-6050-specifications,
	url = {https://43zrtwysvxb2gf29r5o0athu-wpengine.netdna-ssl.com/wp-content/uploads/2015/02/MPU-6000-Datasheet1.pdf},
	year = {2019},
	title = {MPU-6000/MPU-6050 Product Specification.},
	note = {[Online; Accessed: 17-12-2019]}
}

@misc{DatastoreDurability,
	url = {https://cloud.google.com/storage/docs/storage-classes},
	year = {2019},
	title = {Storage classes},
	note = {[Online; Accessed: 17-12-2019]}
}

@misc{ESP32Datasheet,
	url = {https://www.espressif.com/sites/default/files/documentation/esp32_datasheet_en.pdf},
	year = {2019},
	title = {ESP32 Series Datasheet},
	note = {[Online; Accessed: 18-12-2019]}
}

@article{EfficientPowerConsumptionWireless,
    author = {Mahmoud, Mahmoud and Mohamad, Auday},
    year = {2016},
    month = {01},
    pages = {19-29},
    title = {A Study of Efficient Power Consumption Wireless Communication Techniques/ Modules for Internet of Things (IoT) Applications},
    volume = {06},
    journal = {Advances in Internet of Things},
    doi = {10.4236/ait.2016.62002}
}

@misc{batteryuniversity,
	url = {https://batteryuniversity.com/learn/article/elevating_self_discharge},
	year = {2019},
	title = {BU-802b: What does Elevated Self-discharge Do?},
}

@misc{PubSubOverview,
	url = {https://cloud.google.com/pubsub/docs/overview},
	year = {2019},
	title = {What Is Pub/Sub?},
	note = {[Online; Accessed: 18-12-2019]}
}

@misc{IoTCorePricing,
	url = {https://cloud.google.com/iot/pricing},
	year = {2019},
	title = {Pricing},
	note = {[Online; Accessed: 18-12-2019]}
}

@misc{IoTCore,
	url = {https://cloud.google.com/iot-core/},
	year = {2019},
	title = {Cloud IoT Core},
	note = {[Online; Accessed: 18-12-2019]}
}

@misc{PubSubPricing,
	url = {https://cloud.google.com/pubsub/pricing#message-delivery-pricing-starting-in-june-2019},
	year = {2019},
	title = {Pricing June 2019},
	note = {[Online; Accessed: 18-12-2019]}
}

@misc{CloudFunctionsPricing,
	url = {https://cloud.google.com/functions/pricing},
	year = {2019},
	title = {Pricing},
	note = {[Online; Accessed: 18-12-2019]}
}

@misc{DatastorePricing,
	url = {https://cloud.google.com/datastore/pricing},
	year = {2019},
	title = {Pricing and Quota (Frankfurt)},
	note = {[Online; Accessed: 18-12-2019]}
}

@misc{Wi-Fi-Speed,
	url = {https://www.networkworld.com/article/3238664/80211-wi-fi-standards-and-speeds-explained.html},
	year = {2019},
	title = {Wi-Fi standards and speeds explained.},
	note = {[Online; Accessed: 17-12-2019]}
}

@misc{Rasp-Specs,
	url = {https://www.cyberciti.biz/hardware/raspberry-pi-3-model-b-released-specs-pricing/},
	year = {2019},
	title = {Raspberry Pi 3 B+ Specs},
	note = {[Online; Accessed: 17-12-2019]}
}

@misc{Nyquist,
	url = {https://en.wikipedia.org/wiki/Nyquist%E2%80%93Shannon_sampling_theorem},
	year = {2019},
	title = {Nyquist–Shannon sampling theorem},
	note = {[Online; Accessed: 18-12-2019]}
}

@misc{Vibration-Monitoring,
	url = {https://www.schaeffler.com/remotemedien/media/_shared_media/08_media_library/01_publications/schaeffler_2/technicalpaper_1/download_1/the_role_of_vibration_monitoring.pdf},
	year = {2019},
	title = {The Role of Vibration Monitoring
	in Predictive Maintenance},
	note = {[Online; Accessed: 18-12-2019]}
}

@misc{pubsubclient,
	url = {https://github.com/knolleary/pubsubclient},
	year = {2019},
	title = {Arduino Client for MQTT},
	note = {[Online; Accessed: 18-12-2019]}
}

==== BASE ====
>>>>>>>>> Temporary merge branch 2
==== BASE ====
